@inbook{CARVALHOAMP:2012a,
  author    = {ANNA MARIA PESSOA de CARVALHO},
  title     = {{\textbf{Os Estágios nos Cursos de Licenciatura}}},
  chapter   = {3},
  edition   = {1°},
  part      = {2},
  pages     = {15 -- 27},
  volume    = {Único},
  publisher = {Cengage Learning},
  isbn      = {9788522112074},
  year      = {2012}
}

@article{LDB:9394,
  author       = {Brasil},
  title        = {Lei nº 9.394, de 20 de dezembro de 1996 - {E}stabelece as diretrizes e bases da educação nacional. ({LDB})},
  journal      = {Diário Oficial [da] República Federativa do Brasil},
  year         = {1996},
  date         = {1996-12-20},
  organization = {Brasil},
  url          = {http://www.planalto.gov.br/ccivil_03/leis/l9394.htm},
  urldate      = {2021-10-27},
  address      = {Brasília, DF},
  shorttitle   = {Lei nº 9.394/1996}
}

@article{MORTIMER:2002,
  author  = {EDUARDO F MORTIMER AND PHILL SCOTT},
  title   = {{ATIVIDADE DISCURSIVA NAS SALAS DE AULA DE CIÊNCIAS: Uma Ferramenta Sociocultural para Analisar e Planejar o Ensino}},
  journal = {Investigações em Ensino de Ciências},
  year    = {2002},
  volume  = {7(3)},
  pages   = {283 -- 306}
}

@article{PCN+:2006,
  author       = {Brasil},
  title        = {Orientações Educacionais Complementares aos Parâmetros Curriculares Nacionais ({PCN}+).},
  nota         = {Ciências da Natureza, Matemática e suas Tecnologias},
  journal      = {Ministério da Educação (MEC)},
  year         = {2006},
  organization = {Brasil},
  url          = {http://portal.mec.gov.br/seb/arquivos/pdf/CienciasNatureza.pdf},
  urldate      = {2021-10-27},
  address      = {Brasília, DF}
}

@article{SAMPSON:2006,
  title   = {{ASSESSMENT OF ARGUMENT IN SCIENCE EDUCATION: A Critical Review of the Literature}},
  author  = {VICTOR SAMPSON and DOUGLAS CLARK},
  year    = {2006},
  month   = {Jun},
  journal = {International Society of the Learning Sciences},
  pages   = {655 -- 661},
  url     = {https://repository.isls.org//handle/1/3571}
}


@inbook{SAMPSON:2012,
  author    = {VICTOR SAMPSON and PATRICK J. ENDERLE and JOI PHELPS WALKER},
  editor    = {Khine, Myint Swe},
  title     = {{THE DEVELOPMENT AND VALIDATION OF THE ASSESSMENT OF SCIENTIFIC ARGUMENTATION IN THE CLASSROOM (ASAC) OBSERVATION PROTOCOL: A Tool for Evaluating How Students Participate in Scientific Argumentation}},
  booktitle = {Perspectives on Scientific Argumentation: Theory, Practice and Research},
  year      = {2012},
  publisher = {Springer Netherlands},
  address   = {Dordrecht},
  pages     = {235 -- 264},
  isbn      = {978-94-007-2470-9},
  doi       = {10.1007/978-94-007-2470-9_12},
  url       = {https://doi.org/10.1007/978-94-007-2470-9_12}
}

@inbook{SANDOVAL:2007,
  author    = {WILLIAM A. SANDOVAL AND KELLI A. MILLWOOD},
  editor    = {Erduran, Sibel and Jiménez-Aleixandre, María Pilar},
  title     = {{What Can Argumentation Tell Us About Epistemology?}},
  booktitle = {Argumentation in Science Education: Perspectives from Classroom-Based Research},
  year      = {2007},
  publisher = {Springer Netherlands},
  address   = {Dordrecht},
  pages     = {71 -- 88},
  isbn      = {978-1-4020-6670-2},
  doi       = {10.1007/978-1-4020-6670-2_4},
  url       = {https://doi.org/10.1007/978-1-4020-6670-2_4}
}

@article{SASSERON:2012,
  title   = {{AS PERGUNTAS EM AULAS INVESTIGATIVAS DE CIÊNCIAS: A Construção Teórica de Categorias}},
  volume  = {12},
  url     = {https://periodicos.ufmg.br/index.php/rbpec/article/view/4229},
  number  = {2},
  journal = {Revista Brasileira de Pesquisa em Educação em Ciências},
  author  = {Vitor Fabrício Machado Souza and Lúcia Helena Sasseron},
  year    = {2012},
  month   = {nov.},
  pages   = {29 -- 44}
}

@article{SASSERON:2015,
  author  = {LÚCIA HELENA SASSERON},
  title   = {{ALFABETIZAÇÃO CIENTÍFICA, ENSINO POR INVESTIGAÇÃO E ARGUMENTAÇÃO:} {R}elações {E}ntre {C}iências da {N}atureza e {E}scola.},
  journal = {{E}nsaio Pesquisa em Educação em Ciências (Belo Horizonte) [online]},
  year    = {2015},
  volume  = {17},
  pages   = {49 -- 67},
  url     = {https://doi.org/10.1590/1983-2117201517s04},
  issn    = {1983-2117}
}

@article{TELES:2021,
  title   = {{Diversidade de Processos Argumentativos e a Construção de Cultura Favorável à Argumentação em duas Salas de Aula de Ciências}},
  url     = {https://periodicos.ufmg.br/index.php/rbpec/article/view/26191},
  doi     = {10.28976/1984-2686rbpec2021u595625},
  journal = {Revista Brasileira de Pesquisa em Educação em Ciências},
  author  = {Teles, Ana Paula Souto Silva and Munford, Danusa},
  year    = {2021},
  month   = {jul.},
  pages   = {e26191, 1 -- 31}
}