@inbook{CARVALHOAMP:2012a,
  author    = {ANNA MARIA PESSOA de CARVALHO},
  chapter   = {1},
  edition   = {1°},
  volume    = {Único},
  publisher = {Cengage Learning},
  title     = {{\textbf{Os Estágios nos Cursos de Licenciatura}}},
  isbn      = {9788522112074},
  year      = {2012}
}
@inbook{CARVALHOAMP:2012b,
  author    = {ANNA MARIA PESSOA de CARVALHO},
  chapter   = {2},
  edition   = {1°},
  volume    = {Único},
  publisher = {Cengage Learning},
  title     = {{\textbf{Os Estágios nos Cursos de Licenciatura}}},
  isbn      = {9788522112074},
  year      = {2012}
}


%===========================
%  REFATORAR A PARTIR DAQUI
%===========================
@article{BRASIL:2017,
  author  = {BRASIL},
  title   = {{Ministério da Educação}},
  journal = {{Base Nacional Comum Curricular (BNCC)}},
  year    = {2017},
  date    = {2017-12-21},
  address = {Portaria n. 1.570 --Diário Oficial [da] União, Brasília-DF}
}

@article{BRASIL:2002a,
  author  = {BRASIL},
  title   = {{Conselho Nacional de Educação}},
  journal = {{Resolução CNE/CP n. 1, de 18 de Fevereiro de 2002}},
  year    = {2002},
  date    = {2002-02-18},
  address = {{Parecer CNE/CP 1/2002 --Diário Oficial [da] União, Brasília, DF}}
}


@article{BRASIL:2002b,
  author  = {BRASIL},
  title   = {{Conselho Nacional de Educação}},
  journal = {{Resolução CNE/CP n. 2, de 19 de Fevereiro de 2002}},
  year    = {2002},
  date    = {2002-02-19},
  address = {{Parecer CNE/CP 2/2002 --Diário Oficial [da] União, Brasília-DF}}
}

@unpublished{GPTPPP:2021,
  author = {Giovani Pasqualini Faraco},
  title  = {\textbf{Projeto {P}olítico {P}edagógico}},
  month  = {jan},
  year   = {2021 -- 2022}
}

@book{ZEICHNER:1993,
  title     = {{A Formação Reflexiva de Professores:} {I}deias e {P}ráticas},
  publisher = {Coleção EDUCA-{P}rofessores},
  year      = {1993},
  editor    = {EDUCA},
  author    = {KENNETH M. ZEICHNER},
  volume    = {1},
  url       = {http://hdl.handle.net/10451/3704},
  isbn      = {972-8036-07-8}
}

@online{SED:2022,
  author    = {BRASIL},
  title     = {Ministério da Educação},
  publisher = {Secretaria de Estado da Educação (SED) -- Portal Institucional},
  month     = {may},
  year      = {2022},
  url       = {http://serieweb.sed.sc.gov.br/cadueendportal.aspx?o6iFe+tcy6Uu9/pqqVgr+P1r9L043SAqXp5ErXAxHLo=}
}

@BOOK {VEIGA:1995,
    author    = {Ilma Passos Alencastro Veiga},
    title     = {Projeto político-pedagógico da escola: Uma construção possível},
    publisher = {Papirus Editora},
    year      = {1995},
    volume    = {Único},
    edition   = {7ª}
}