@book{2004,
  author         = {M. de Fátima Oliveira Saraiva},
  isbn           = {9788588325234},
  url            = {https://books.google.com.br/books?id=IPWZCh1awFIC},
  publisher      = {LIVRARIA DA FÍSICA},
  title          = {Astronomia \& Astrofísica},
  year           = {2004}
}