@inbook{CARVALHOAMP:2012a,
  author         = {ANNA MARIA PESSOA de CARVALHO},
  chapter        = {1},
  edition        = {1°},
  volume         = {Único},
  publisher      = {Cengage Learning},
  title          = {{\textbf{Os Estágios nos Cursos de Licenciatura}}},
  isbn           = {9788522112074},
  year           = {2012}
}
@inbook{CARVALHOAMP:2012b,
  author         = {ANNA MARIA PESSOA de CARVALHO},
  chapter        = {2},
  edition        = {1°},
  volume         = {Único},
  publisher      = {Cengage Learning},
  title          = {{\textbf{Os Estágios nos Cursos de Licenciatura}}},
  isbn           = {9788522112074},
  year           = {2012}
}
