@book{ASTRN&ASTRFIS:2004,
  author    = {Kepler de Oliveira Filho and Maria de Fátima Oliveira Saraiva},
  isbn      = {9788588325234},
  edition   = {3º},
  url       = {https://books.google.com.br/books?id=IPWZCh1awFIC},
  publisher = {LIVRARIA DA FÍSICA},
  title     = {Astronomia \& Astrofísica},
  year      = {2004}
}